%% This BibTeX bibliography file was created using BibDesk.
%% http://bibdesk.sourceforge.net/


%% Created for jasson at 2012-04-20 13:50:29 -0500 


%% Saved with string encoding Unicode (UTF-8) 



@inproceedings{binpac,
	Acmid = {1177119},
	Address = {New York, NY, USA},
	Author = {Pang, Ruoming and Paxson, Vern and Sommer, Robin and Peterson, Larry},
	Booktitle = {Proceedings of the 6th ACM SIGCOMM conference on Internet measurement},
	Date-Added = {2012-04-20 13:50:20 -0500},
	Date-Modified = {2012-04-20 13:50:29 -0500},
	Doi = {10.1145/1177080.1177119},
	Isbn = {1-59593-561-4},
	Keywords = {parser generator, protocol},
	Location = {Rio de Janeriro, Brazil},
	Numpages = {12},
	Pages = {289--300},
	Publisher = {ACM},
	Series = {IMC '06},
	Title = {binpac: a yacc for writing application protocol parsers},
	Url = {http://doi.acm.org/10.1145/1177080.1177119},
	Year = {2006},
	Bdsk-Url-1 = {http://doi.acm.org/10.1145/1177080.1177119},
	Bdsk-Url-2 = {http://dx.doi.org/10.1145/1177080.1177119}}

@inproceedings{decl_net,
	Acmid = {1142485},
	Address = {New York, NY, USA},
	Author = {Loo, Boon Thau and Condie, Tyson and Garofalakis, Minos and Gay, David E. and Hellerstein, Joseph M. and Maniatis, Petros and Ramakrishnan, Raghu and Roscoe, Timothy and Stoica, Ion},
	Booktitle = {Proceedings of the 2006 ACM SIGMOD international conference on Management of data},
	Date-Added = {2012-04-15 17:20:02 +0000},
	Date-Modified = {2012-04-15 17:20:17 +0000},
	Doi = {10.1145/1142473.1142485},
	Isbn = {1-59593-434-0},
	Keywords = {declarative networks, recursive queries},
	Location = {Chicago, IL, USA},
	Numpages = {12},
	Pages = {97--108},
	Publisher = {ACM},
	Series = {SIGMOD '06},
	Title = {Declarative networking: language, execution and optimization},
	Url = {http://doi.acm.org/10.1145/1142473.1142485},
	Year = {2006},
	Bdsk-Url-1 = {http://doi.acm.org/10.1145/1142473.1142485},
	Bdsk-Url-2 = {http://dx.doi.org/10.1145/1142473.1142485}}

@inproceedings{pads_ml,
	Acmid = {1190231},
	Address = {New York, NY, USA},
	Author = {Mandelbaum, Yitzhak and Fisher, Kathleen and Walker, David and Fernandez, Mary and Gleyzer, Artem},
	Booktitle = {Proceedings of the 34th annual ACM SIGPLAN-SIGACT symposium on Principles of programming languages},
	Date-Added = {2012-04-10 13:16:01 -0500},
	Date-Modified = {2012-04-10 13:16:14 -0500},
	Doi = {10.1145/1190216.1190231},
	Isbn = {1-59593-575-4},
	Keywords = {ML, data description languages, dependent types, domain-specific languages, functional programming, modules, parsing, printing},
	Location = {Nice, France},
	Numpages = {7},
	Pages = {77--83},
	Publisher = {ACM},
	Series = {POPL '07},
	Title = {PADS/ML: a functional data description language},
	Url = {http://doi.acm.org/10.1145/1190216.1190231},
	Year = {2007},
	Bdsk-Url-1 = {http://doi.acm.org/10.1145/1190216.1190231},
	Bdsk-Url-2 = {http://dx.doi.org/10.1145/1190216.1190231}}

@article{pads_orig,
	Acmid = {1065046},
	Address = {New York, NY, USA},
	Author = {Fisher, Kathleen and Gruber, Robert},
	Date-Added = {2012-04-10 13:14:08 -0500},
	Date-Modified = {2012-04-10 13:14:16 -0500},
	Doi = {10.1145/1064978.1065046},
	Issn = {0362-1340},
	Issue_Date = {June 2005},
	Journal = {SIGPLAN Not.},
	Keywords = {data description language, domain-specific languages},
	Month = jun,
	Number = {6},
	Numpages = {10},
	Pages = {295--304},
	Publisher = {ACM},
	Title = {PADS: a domain-specific language for processing ad hoc data},
	Url = {http://doi.acm.org/10.1145/1064978.1065046},
	Volume = {40},
	Year = {2005},
	Bdsk-Url-1 = {http://doi.acm.org/10.1145/1064978.1065046},
	Bdsk-Url-2 = {http://dx.doi.org/10.1145/1064978.1065046}}

@article{inf_syslog,
	Acmid = {1740410},
	Address = {New York, NY, USA},
	Author = {Zhu, Kenny Q. and Fisher, Kathleen and Walker, David},
	Date-Added = {2012-04-10 10:40:52 -0500},
	Date-Modified = {2012-04-10 10:41:01 -0500},
	Doi = {10.1145/1740390.1740410},
	Issn = {0163-5980},
	Issue_Date = {January 2010},
	Journal = {SIGOPS Oper. Syst. Rev.},
	Keywords = {PADS, ad hoc data, analysis of system logs, domain-specific languages, grammar induction, parsing, tool generation},
	Month = mar,
	Number = {1},
	Numpages = {6},
	Pages = {85--90},
	Publisher = {ACM},
	Title = {Incremental learning of system log formats},
	Url = {http://doi.acm.org/10.1145/1740390.1740410},
	Volume = {44},
	Year = {2010},
	Bdsk-Url-1 = {http://doi.acm.org/10.1145/1740390.1740410},
	Bdsk-Url-2 = {http://dx.doi.org/10.1145/1740390.1740410}}

@article{anne,
	Acmid = {1806622},
	Address = {New York, NY, USA},
	Author = {Xi, Qian and Walker, David},
	Date-Added = {2012-04-10 10:40:29 -0500},
	Date-Modified = {2012-04-10 10:40:35 -0500},
	Doi = {10.1145/1809028.1806622},
	Issn = {0362-1340},
	Issue_Date = {June 2010},
	Journal = {SIGPLAN Not.},
	Keywords = {ANNE, PADS, ad hoc data, domain-specific languages, tool generation},
	Month = jun,
	Number = {6},
	Numpages = {12},
	Pages = {221--232},
	Publisher = {ACM},
	Title = {A context-free markup language for semi-structured text},
	Url = {http://doi.acm.org/10.1145/1809028.1806622},
	Volume = {45},
	Year = {2010},
	Bdsk-Url-1 = {http://doi.acm.org/10.1145/1809028.1806622},
	Bdsk-Url-2 = {http://dx.doi.org/10.1145/1809028.1806622}}

@inproceedings{dirt_to_shovels,
	Acmid = {1328488},
	Address = {New York, NY, USA},
	Author = {Fisher, Kathleen and Walker, David and Zhu, Kenny Q. and White, Peter},
	Booktitle = {Proceedings of the 35th annual ACM SIGPLAN-SIGACT symposium on Principles of programming languages},
	Date-Added = {2012-04-10 10:30:34 -0500},
	Date-Modified = {2012-04-10 10:30:43 -0500},
	Doi = {10.1145/1328438.1328488},
	Isbn = {978-1-59593-689-9},
	Keywords = {ad hoc data, data description languages, grammar induction, tool generation},
	Location = {San Francisco, California, USA},
	Numpages = {14},
	Pages = {421--434},
	Publisher = {ACM},
	Series = {POPL '08},
	Title = {From dirt to shovels: fully automatic tool generation from ad hoc data},
	Url = {http://doi.acm.org/10.1145/1328438.1328488},
	Year = {2008},
	Bdsk-Url-1 = {http://doi.acm.org/10.1145/1328438.1328488},
	Bdsk-Url-2 = {http://dx.doi.org/10.1145/1328438.1328488}}

@article{next_700_ddl,
	Acmid = {1111039},
	Address = {New York, NY, USA},
	Author = {Fisher, Kathleen and Mandelbaum, Yitzhak and Walker, David},
	Date-Added = {2012-04-10 09:55:23 -0500},
	Date-Modified = {2012-04-10 09:55:38 -0500},
	Doi = {10.1145/1111320.1111039},
	Issn = {0362-1340},
	Issue_Date = {January 2006},
	Journal = {SIGPLAN Not.},
	Keywords = {data description language, dependent types, domain-specific languages},
	Month = jan,
	Number = {1},
	Numpages = {14},
	Pages = {2--15},
	Publisher = {ACM},
	Title = {The next 700 data description languages},
	Url = {http://doi.acm.org/10.1145/1111320.1111039},
	Volume = {41},
	Year = {2006},
	Bdsk-Url-1 = {http://doi.acm.org/10.1145/1111320.1111039},
	Bdsk-Url-2 = {http://dx.doi.org/10.1145/1111320.1111039}}

@chapter{datascript,
	Author = {Godmar Back},
	Booktitle = {Generative Programming and Component Engineering},
	Date-Added = {2012-04-10 09:52:31 -0500},
	Date-Modified = {2012-04-10 09:52:49 -0500},
	Doi = {10.1007/3-540-45821-2_4},
	Pages = {66--77},
	Series = {Lecture Notes in Computer Science},
	Title = {DataScript- A Specification and Scripting Language for Binary Data},
	Volume = {2487},
	Year = {2002},
	Bdsk-Url-1 = {http://www.springerlink.com/content/71fbtd88mv8n36vr/fulltext.pdf},
	Bdsk-Url-2 = {http://dx.doi.org/10.1007/3-540-45821-2_4}}

@inproceedings{packet_types,
	Acmid = {347563},
	Address = {New York, NY, USA},
	Author = {McCann, Peter J. and Chandra, Satish},
	Booktitle = {Proceedings of the conference on Applications, Technologies, Architectures, and Protocols for Computer Communication},
	Date-Added = {2012-04-10 09:52:16 -0500},
	Date-Modified = {2012-04-10 09:52:41 -0500},
	Doi = {10.1145/347059.347563},
	Isbn = {1-58113-223-9},
	Location = {Stockholm, Sweden},
	Numpages = {13},
	Pages = {321--333},
	Publisher = {ACM},
	Series = {SIGCOMM '00},
	Title = {Packet types: abstract specification of network protocol messages},
	Url = {http://doi.acm.org/10.1145/347059.347563},
	Year = {2000},
	Bdsk-Url-1 = {http://doi.acm.org/10.1145/347059.347563},
	Bdsk-Url-2 = {http://dx.doi.org/10.1145/347059.347563}}

@inproceedings{pads_overview,
	Acmid = {1938556},
	Address = {New York, NY, USA},
	Author = {Fisher, Kathleen and Walker, David},
	Booktitle = {Proceedings of the 14th International Conference on Database Theory},
	Date-Added = {2012-04-10 09:47:18 -0500},
	Date-Modified = {2012-04-10 09:47:35 -0500},
	Doi = {10.1145/1938551.1938556},
	Isbn = {978-1-4503-0529-7},
	Keywords = {ad hoc data, data description languages, domain-specific languages},
	Location = {Uppsala, Sweden},
	Numpages = {7},
	Pages = {11--17},
	Publisher = {ACM},
	Series = {ICDT '11},
	Title = {The PADS project: an overview},
	Url = {http://doi.acm.org/10.1145/1938551.1938556},
	Year = {2011},
	Bdsk-Url-1 = {http://doi.acm.org/10.1145/1938551.1938556},
	Bdsk-Url-2 = {http://dx.doi.org/10.1145/1938551.1938556}}
